@inproceedings{shi2020path,
  title={Path oblivious heap: Optimal and practical oblivious priority queue},
  author={Shi, Elaine},
  booktitle={2020 IEEE Symposium on Security and Privacy (SP)},
  pages={842--858},
  year={2020},
  organization={IEEE}
}

@article{mazloom2023efficient,
  title={An Efficient Data-Independent Priority Queue and its Application to Dark Pools},
  author={Mazloom, Sahar and Diamond, Benjamin E and Polychroniadou, Antigoni and Balch, Tucker},
  journal={Proceedings on Privacy Enhancing Technologies},
  volume={2},
  pages={5--22},
  year={2023}
}

@inproceedings{toft2011secure,
  title={Secure data structures based on multi-party computation},
  author={Toft, Tomas},
  booktitle={Proceedings of the 30th annual ACM SIGACT-SIGOPS symposium on Principles of distributed computing},
  pages={291--292},
  year={2011}
}

@inproceedings{mitchell2014data,
  title={Data-oblivious data structures},
  author={Mitchell, John C and Zimmerman, Joe},
  booktitle={31st International Symposium on Theoretical Aspects of Computer Science (STACS 2014)},
  year={2014},
  organization={Schloss Dagstuhl-Leibniz-Zentrum fuer Informatik}
}